@article{goyal2016making,
  title={Making the V in VQA matter: Elevating the role of image understanding in Visual Question Answering},
  author={Goyal, Yash and Khot, Tejas and Summers-Stay, Douglas and Batra, Dhruv and Parikh, Devi},
  journal={arXiv preprint arXiv:1612.00837},
  year={2016}
}

@inproceedings{dodge2012detecting,
  title={Detecting visual text},
  author={Dodge, Jesse and Goyal, Amit and Han, Xufeng and Mensch, Alyssa and Mitchell, Margaret and Stratos, Karl and Yamaguchi, Kota and Choi, Yejin and Daum{\'e} III, Hal and Berg, Alexander C and others},
  booktitle={Proceedings of the 2012 Conference of the North American Chapter of the Association for Computational Linguistics: Human Language Technologies},
  pages={762--772},
  year={2012},
  organization={Association for Computational Linguistics}
}

@article{AndersonFJG16,
  author    = {Peter Anderson and
               Basura Fernando and
               Mark Johnson and
               Stephen Gould},
  title     = {{SPICE:} Semantic Propositional Image Caption Evaluation},
  journal   = {CoRR},
  volume    = {abs/1607.08822},
  year      = {2016},
  url       = {http://arxiv.org/abs/1607.08822},
  archivePrefix = {arXiv},
  eprint    = {1607.08822},
  timestamp = {Wed, 07 Jun 2017 14:42:18 +0200},
  biburl    = {http://dblp.org/rec/bib/journals/corr/AndersonFJG16},
  bibsource = {dblp computer science bibliography, http://dblp.org}
}

@inproceedings{fang2015captions,
  title={From captions to visual concepts and back},
  author={Fang, Hao and Gupta, Saurabh and Iandola, Forrest and Srivastava, Rupesh K and Deng, Li and Doll{\'a}r, Piotr and Gao, Jianfeng and He, Xiaodong and Mitchell, Margaret and Platt, John C and others},
  booktitle={Proceedings of the IEEE conference on computer vision and pattern recognition},
  pages={1473--1482},
  year={2015}
}

@inproceedings{karpathy2015deep,
  title={Deep visual-semantic alignments for generating image descriptions},
  author={Karpathy, Andrej and Fei-Fei, Li},
  booktitle={Proceedings of the IEEE Conference on Computer Vision and Pattern Recognition},
  pages={3128--3137},
  year={2015}
}

@inproceedings{liu2009boost,
  title={Boost search relevance for tag-based social image retrieval},
  author={Liu, Dong and Hua, Xian-Sheng and Wang, Meng and Zhang, HongJiang},
  booktitle={Multimedia and Expo, 2009. ICME 2009. IEEE International Conference on},
  pages={1636--1639},
  year={2009},
  organization={IEEE}
}

@article{AntolALMBZP15,
  author    = {Stanislaw Antol and
               Aishwarya Agrawal and
               Jiasen Lu and
               Margaret Mitchell and
               Dhruv Batra and
               C. Lawrence Zitnick and
               Devi Parikh},
  title     = {{VQA:} Visual Question Answering},
  journal   = {CoRR},
  volume    = {abs/1505.00468},
  year      = {2015},
  url       = {http://arxiv.org/abs/1505.00468},
  archivePrefix = {arXiv},
  eprint    = {1505.00468},
  biburl    = {http://dblp.org/rec/bib/journals/corr/AntolALMBZP15},
  bibsource = {dblp computer science bibliography, http://dblp.org}
}

@article{ray2016question,
  title={Question relevance in VQA: identifying non-visual and false-premise questions},
  author={Ray, Arijit and Christie, Gordon and Bansal, Mohit and Batra, Dhruv and Parikh, Devi},
  journal={arXiv preprint arXiv:1606.06622},
  year={2016}
}

@article{mahendru2017promise,
  title={The promise of premise: Harnessing question premises in visual question answering},
  author={Mahendru, Aroma and Prabhu, Viraj and Mohapatra, Akrit and Batra, Dhruv and Lee, Stefan},
  journal={arXiv preprint arXiv:1705.00601},
  year={2017}
}

@inproceedings{spacy,
  title={An Improved Non-monotonic Transition System for Dependency Parsing},
  author={Matthew Honnibal and Mark Johnson},
  booktitle={EMNLP},
  year={2015}
}
@article{AkataMFS16,
  author    = {Zeynep Akata and
               Mateusz Malinowski and
               Mario Fritz and
               Bernt Schiele},
  title     = {Multi-Cue Zero-Shot Learning with Strong Supervision},
  journal   = {CoRR},
  volume    = {abs/1603.08754},
  year      = {2016},
  url       = {http://arxiv.org/abs/1603.08754},
  archivePrefix = {arXiv},
  eprint    = {1603.08754},
  timestamp = {Wed, 07 Jun 2017 14:42:25 +0200},
  biburl    = {http://dblp.org/rec/bib/journals/corr/AkataMFS16},
  bibsource = {dblp computer science bibliography, http://dblp.org}
}

@article{SimonyanZ14a,
  author    = {Karen Simonyan and
               Andrew Zisserman},
  title     = {Very Deep Convolutional Networks for Large-Scale Image Recognition},
  journal   = {CoRR},
  volume    = {abs/1409.1556},
  year      = {2014}
}

@article{simonyan2014very,
  title={Very deep convolutional networks for large-scale image recognition},
  author={Simonyan, Karen and Zisserman, Andrew},
  journal={arXiv preprint arXiv:1409.1556},
  year={2014}
}

@article{bojanowski2016enriching,
  title={Enriching Word Vectors with Subword Information},
  author={Bojanowski, Piotr and Grave, Edouard and Joulin, Armand and Mikolov, Tomas},
  journal={arXiv preprint arXiv:1607.04606},
  year={2016}
}

@incollection{github_link,
  title={{Code for Question Relevance in VQA}},
  url = "www.github.com/nitish-kulkarni/Question-Relevance-in-VQA",
  year={2017}
 }

@incollection{colah_blog,
  title={{Image source for LSTMs}},
  author={Christopher Olah},
  url = "http://colah.github.io/posts/2015-08-Understanding-LSTMs/",
  year={2015}
 }

@inproceedings{pennington2014glove,
  title={Glove: Global vectors for word representation},
  author={Pennington, Jeffrey and Socher, Richard and Manning, Christopher},
  booktitle={Proceedings of the 2014 conference on empirical methods in natural language processing (EMNLP)},
  pages={1532--1543},
  year={2014}
}

@inproceedings{chen2016xgboost,
  title={Xgboost: A scalable tree boosting system},
  author={Chen, Tianqi and Guestrin, Carlos},
  booktitle={Proceedings of the 22nd acm sigkdd international conference on knowledge discovery and data mining},
  pages={785--794},
  year={2016},
  organization={ACM}
}
