@article{babi_paper1,
  title={Large-scale simple question answering with memory networks},
  author={Bordes, Antoine and Usunier, Nicolas and Chopra, Sumit and Weston, Jason},
  journal={arXiv preprint arXiv:1506.02075},
  year={2015}
}

@article{babi_paper2,
  title={Key-value memory networks for directly reading documents},
  author={Miller, Alexander and Fisch, Adam and Dodge, Jesse and Karimi, Amir-Hossein and Bordes, Antoine and Weston, Jason},
  journal={arXiv preprint arXiv:1606.03126},
  year={2016}
}

@article{squad,
  author    = {Pranav Rajpurkar and
               Jian Zhang and
               Konstantin Lopyrev and
               Percy Liang},
  title     = {SQuAD: 100, 000+ Questions for Machine Comprehension of Text},
  journal   = {CoRR},
  volume    = {abs/1606.05250},
  year      = {2016},
  url       = {http://arxiv.org/abs/1606.05250},
  timestamp = {Wed, 07 Jun 2017 14:41:34 +0200},
  biburl    = {http://dblp.uni-trier.de/rec/bib/journals/corr/RajpurkarZLL16},
  bibsource = {dblp computer science bibliography, http://dblp.org}
}

@inproceedings{mctest,
  title={MCTest: A Challenge Dataset for the Open-Domain Machine Comprehension of Text.},
  author={Richardson, Matthew and Burges, Christopher JC and Renshaw, Erin},
  booktitle={EMNLP},
  volume={3},
  pages={4},
  year={2013}
}

@misc{wikimovies,
title = {WikiMovies Data},
howpublished = {\url{https://research.fb.com/downloads/babi/}},
}

@inproceedings{smith2008question,
  title={Question generation as a competitive undergraduate course project},
  author={Smith, Noah A and Heilman, Michael and Hwa, Rebecca},
  booktitle={Proceedings of the NSF Workshop on the Question Generation Shared Task and Evaluation Challenge},
  year={2008}
}

@misc{freebase:datadumps,
  title = {Freebase Data},
  howpublished = {\url{https://developers.google.com/freebase/data}},
}

@misc{reverb,
  title = {Reverb Data},
  howpublished = {\url{http://reverb.cs.washington.edu/}},
}

@misc{mctest_data,
  title = {MCTest Data},
  howpublished = {\url{https://github.com/mcobzarenco/mctest}},
}