@article{goyal2016making,
  title={Making the V in VQA matter: Elevating the role of image understanding in Visual Question Answering},
  author={Goyal, Yash and Khot, Tejas and Summers-Stay, Douglas and Batra, Dhruv and Parikh, Devi},
  journal={arXiv preprint arXiv:1612.00837},
  year={2016}
}

@article{ray2016question,
  title={Question relevance in VQA: identifying non-visual and false-premise questions},
  author={Ray, Arijit and Christie, Gordon and Bansal, Mohit and Batra, Dhruv and Parikh, Devi},
  journal={arXiv preprint arXiv:1606.06622},
  year={2016}
}

@article{mahendru2017promise,
  title={The promise of premise: Harnessing question premises in visual question answering},
  author={Mahendru, Aroma and Prabhu, Viraj and Mohapatra, Akrit and Batra, Dhruv and Lee, Stefan},
  journal={arXiv preprint arXiv:1705.00601},
  year={2017}
}